@ARTICLE{Du1999,
  author = {Q. Du and V. Faber and M. Gunzburger},
  title = {Centroidal Voronoi Tessellations: Applications and Algorithms},
  journal = {SIAM Rev.},
  year = {1999},
  volume = {41},
  pages = {pp.~637--676},
  number = {4}
}

@ARTICLE{Gunzburger,
  author = {Q. Du and M. Gunzburger and L. Ju},
  title = {Advances in Studies and Applications of Centroidal Voronoi Tessellations},
  journal = {Numer. Math. Theor. Meth. Appl.},
  year = {2010},
  volume = {3},
  pages = {pp.~119--142},
  number = {2}
}
